@ARTICLE{2015CQGra..32g4001L,
       author = {{LIGO Scientific Collaboration} and {Aasi}, J. and others},
        title = "{Advanced LIGO}",
      journal = {Class. Quantum Grav.},
     keywords = {General Relativity and Quantum Cosmology, Astrophysics - Instrumentation and Methods for Astrophysics, Physics - Instrumentation and Detectors},
         year = 2015,
        month = apr,
       volume = {32},
       number = {7},
          eid = {074001},
        pages = {074001},
          doi = {10.1088/0264-9381/32/7/074001},
archivePrefix = {arXiv},
       eprint = {1411.4547},
 primaryClass = {gr-qc},
       adsurl = {https://ui.adsabs.harvard.edu/abs/2015CQGra..32g4001L},
      adsnote = {Provided by the SAO/NASA Astrophysics Data System}
}

@ARTICLE{2015CQGra..32b4001A,
       author = {{Acernese}, F. and others},
        title = "{Advanced Virgo: a second-generation interferometric gravitational wave detector}",
      journal = {Class. Quantum Grav.},
     keywords = {General Relativity and Quantum Cosmology, Physics - Instrumentation and Detectors},
         year = 2015,
        month = jan,
       volume = {32},
       number = {2},
          eid = {024001},
        pages = {024001},
          doi = {10.1088/0264-9381/32/2/024001},
archivePrefix = {arXiv},
       eprint = {1408.3978},
 primaryClass = {gr-qc},
       adsurl = {https://ui.adsabs.harvard.edu/abs/2015CQGra..32b4001A},
      adsnote = {Provided by the SAO/NASA Astrophysics Data System}
}

@ARTICLE{2019PhRvX...9c1040A,
       author = {{Abbott}, B.~P. and others},
        title = "{GWTC-1: A Gravitational-Wave Transient Catalog of Compact Binary Mergers Observed by LIGO and Virgo during the First and Second Observing Runs}",
      journal = {Phys. Rev. X},
     keywords = {Astrophysics - High Energy Astrophysical Phenomena, Astrophysics - Cosmology and Nongalactic Astrophysics, General Relativity and Quantum Cosmology},
         year = 2019,
        month = jul,
       volume = {9},
       number = {3},
          eid = {031040},
        pages = {031040},
          doi = {10.1103/PhysRevX.9.031040},
archivePrefix = {arXiv},
       eprint = {1811.12907},
 primaryClass = {astro-ph.HE},
       adsurl = {https://ui.adsabs.harvard.edu/abs/2019PhRvX...9c1040A},
      adsnote = {Provided by the SAO/NASA Astrophysics Data System}
}

@ARTICLE{2020PhRvL.125j1102A,
       author = {{The LIGO Scientific and Virgo Collaborations} and {Abbott}, R. and others},
        title = "{GW190521: A Binary Black Hole Merger with a Total Mass of 150 M$_\odot$}",
      journal = {\prl},
     keywords = {General Relativity and Quantum Cosmology, Astrophysics - High Energy Astrophysical Phenomena},
         year = 2020,
        month = sep,
       volume = {125},
       number = {10},
          eid = {101102},
        pages = {101102},
          doi = {10.1103/PhysRevLett.125.101102},
archivePrefix = {arXiv},
       eprint = {2009.01075},
 primaryClass = {gr-qc},
       adsurl = {https://ui.adsabs.harvard.edu/abs/2020PhRvL.125j1102A},
      adsnote = {Provided by the SAO/NASA Astrophysics Data System}
}

@ARTICLE{2020ApJ...900L..13A,
       author = {{Abbott}, R. and others},
        title = "{Properties and Astrophysical Implications of the 150 M$_{\odot}$ Binary Black Hole Merger GW190521}",
      journal = {Astrophys. J. Lett.},
     keywords = {Astrophysical black holes, High energy astrophysics, Gravitational collapse, Gravitation, Gravitational wave astronomy, Gravitational wave sources, LIGO, Stellar mass black holes, Stellar populations, Intermediate-mass black holes, 98, 739, 662, 661, 675, 677, 920, 611, 1622, 816, Astrophysics - High Energy Astrophysical Phenomena, General Relativity and Quantum Cosmology},
         year = 2020,
        month = sep,
       volume = {900},
       number = {1},
          eid = {L13},
        pages = {L13},
          doi = {10.3847/2041-8213/aba493},
archivePrefix = {arXiv},
       eprint = {2009.01190},
 primaryClass = {astro-ph.HE},
       adsurl = {https://ui.adsabs.harvard.edu/abs/2020ApJ...900L..13A},
      adsnote = {Provided by the SAO/NASA Astrophysics Data System}
}

@ARTICLE{2020arXiv201014533T,
       author = {{The LIGO Scientific and Virgo Collaborations} and {Abbott}, R. and others},
        title = "{Population Properties of Compact Objects from the Second LIGO-Virgo Gravitational-Wave Transient Catalog}",
      journal = {},
     keywords = {Astrophysics - High Energy Astrophysical Phenomena, General Relativity and Quantum Cosmology},
         year = 2020,
        month = oct,
          eid = {},
        pages = {},
archivePrefix = {arXiv},
       eprint = {2010.14533},
 primaryClass = {astro-ph.HE},
       adsurl = {https://ui.adsabs.harvard.edu/abs/2020arXiv201014533T},
      adsnote = {Provided by the SAO/NASA Astrophysics Data System}
}

@ARTICLE{2020arXiv201014527A,
       author = {{Abbott}, R. and others},
        title = "{GWTC-2: Compact Binary Coalescences Observed by LIGO and Virgo During the First Half of the Third Observing Run}",
      journal = {},
     keywords = {General Relativity and Quantum Cosmology, Astrophysics - High Energy Astrophysical Phenomena},
         year = 2020,
        month = oct,
          eid = {},
        pages = {},
archivePrefix = {arXiv},
       eprint = {2010.14527},
 primaryClass = {gr-qc},
       adsurl = {https://ui.adsabs.harvard.edu/abs/2020arXiv201014527A},
      adsnote = {Provided by the SAO/NASA Astrophysics Data System}
}

@ARTICLE{1999JMP....40..980N,
       author = {{Nollert}, Hans-Peter and {Price}, Richard H.},
        title = "{Quantifying excitations of quasinormal mode systems}",
      journal = {Journal of Mathematical Physics},
     keywords = {04.30.Db, 97.60.Lf, 04.70.Dy, Wave generation and sources, Black holes, Quantum aspects of black holes evaporation thermodynamics, General Relativity and Quantum Cosmology},
         year = 1999,
        month = feb,
       volume = {40},
       number = {2},
        pages = {980-1010},
          doi = {10.1063/1.532698},
archivePrefix = {arXiv},
       eprint = {gr-qc/9810074},
 primaryClass = {gr-qc},
       adsurl = {https://ui.adsabs.harvard.edu/abs/1999JMP....40..980N},
      adsnote = {Provided by the SAO/NASA Astrophysics Data System}
}

@ARTICLE{2020arXiv201111948G,
       author = {{Gerosa}, Davide and others},
        title = "{A generalized precession parameter $\chi_{\rm p}$ to interpret gravitational-wave data}",
      journal = {},
     keywords = {General Relativity and Quantum Cosmology, Astrophysics - High Energy Astrophysical Phenomena},
         year = 2020,
        month = nov,
          eid = {},
        pages = {},
archivePrefix = {arXiv},
       eprint = {2011.11948},
 primaryClass = {gr-qc},
       adsurl = {https://ui.adsabs.harvard.edu/abs/2020arXiv201111948G},
      adsnote = {Provided by the SAO/NASA Astrophysics Data System}
}

@ARTICLE{2020arXiv201204486I,
       author = {{Isi}, Maximiliano and {Farr}, Will M. and {Giesler}, Matthew and {Scheel}, Mark A. and {Teukolsky}, Saul A.},
        title = "{Testing the black-hole area law with GW150914}",
      journal = {},
     keywords = {General Relativity and Quantum Cosmology, Astrophysics - High Energy Astrophysical Phenomena},
         year = 2020,
        month = dec,
          eid = {},
        pages = {},
archivePrefix = {arXiv},
       eprint = {2012.04486},
 primaryClass = {gr-qc},
       adsurl = {https://ui.adsabs.harvard.edu/abs/2020arXiv201204486I},
      adsnote = {Provided by the SAO/NASA Astrophysics Data System}
}

@ARTICLE{2004CQGra..21..787D,
       author = {{Dreyer}, Olaf and others},
        title = "{Black-hole spectroscopy: testing general relativity through gravitational-wave observations}",
      journal = {Class. Quantum Grav.},
     keywords = {General Relativity and Quantum Cosmology},
         year = 2004,
        month = feb,
       volume = {21},
       number = {4},
        pages = {787-803},
          doi = {10.1088/0264-9381/21/4/003},
archivePrefix = {arXiv},
       eprint = {gr-qc/0309007},
 primaryClass = {gr-qc},
       adsurl = {https://ui.adsabs.harvard.edu/abs/2004CQGra..21..787D},
      adsnote = {Provided by the SAO/NASA Astrophysics Data System}
}

@ARTICLE{2017arXiv170605152T,
       author = {{Thrane}, Eric and {Lasky}, Paul and {Levin}, Yuri},
        title = "{Challenges testing the no-hair theorem with gravitational waves}",
      journal = {},
     keywords = {General Relativity and Quantum Cosmology, Astrophysics - High Energy Astrophysical Phenomena, Astrophysics - Instrumentation and Methods for Astrophysics},
         year = 2017,
        month = jun,
          eid = {},
        pages = {},
archivePrefix = {arXiv},
       eprint = {1706.05152},
 primaryClass = {gr-qc},
       adsurl = {https://ui.adsabs.harvard.edu/abs/2017arXiv170605152T},
      adsnote = {Provided by the SAO/NASA Astrophysics Data System}
}

@ARTICLE{1998PhRvD..57.4535F,
       author = {{Flanagan}, {\'E}anna {\'E}. and {Hughes}, Scott A.},
        title = "{Measuring gravitational waves from binary black hole coalescences. I. Signal to noise for inspiral, merger, and ringdown}",
      journal = {\prd},
     keywords = {04.80.Nn, 04.25.Dm, 04.30.Db, 95.55.Ym, Gravitational wave detectors and experiments, Numerical relativity, Wave generation and sources, Gravitational radiation detectors, mass spectrometers, and other instrumentation and techniques, General Relativity and Quantum Cosmology, Astrophysics},
         year = 1998,
        month = apr,
       volume = {57},
       number = {8},
        pages = {4535-4565},
          doi = {10.1103/PhysRevD.57.4535},
archivePrefix = {arXiv},
       eprint = {gr-qc/9701039},
 primaryClass = {gr-qc},
       adsurl = {https://ui.adsabs.harvard.edu/abs/1998PhRvD..57.4535F},
      adsnote = {Provided by the SAO/NASA Astrophysics Data System}
}

@ARTICLE{2012PhRvD..85b4018K,
       author = {{Kamaretsos}, Ioannis and {Hannam}, Mark and {Husa}, Sascha and {Sathyaprakash}, B.~S.},
        title = "{Black-hole hair loss: Learning about binary progenitors from ringdown signals}",
      journal = {\prd},
     keywords = {04.30.Db, 04.25.Nx, 04.80.Cc, Wave generation and sources, Post-Newtonian approximation, perturbation theory, related approximations, Experimental tests of gravitational theories, General Relativity and Quantum Cosmology},
         year = 2012,
        month = jan,
       volume = {85},
       number = {2},
          eid = {024018},
        pages = {024018},
          doi = {10.1103/PhysRevD.85.024018},
archivePrefix = {arXiv},
       eprint = {1107.0854},
 primaryClass = {gr-qc},
       adsurl = {https://ui.adsabs.harvard.edu/abs/2012PhRvD..85b4018K},
      adsnote = {Provided by the SAO/NASA Astrophysics Data System}
}

@ARTICLE{2014PhRvD..90l4032L,
       author = {{London}, Lionel and {Shoemaker}, Deirdre and {Healy}, James},
        title = "{Modeling ringdown: Beyond the fundamental quasinormal modes}",
      journal = {\prd},
     keywords = {04.70.Bw, 04.25.D-, 04.25.Nx, 04.30.-w, Classical black holes, Numerical relativity, Post-Newtonian approximation, perturbation theory, related approximations, Gravitational waves: theory, General Relativity and Quantum Cosmology},
         year = 2014,
        month = dec,
       volume = {90},
       number = {12},
          eid = {124032},
        pages = {124032},
          doi = {10.1103/PhysRevD.90.124032},
archivePrefix = {arXiv},
       eprint = {1404.3197},
 primaryClass = {gr-qc},
       adsurl = {https://ui.adsabs.harvard.edu/abs/2014PhRvD..90l4032L},
      adsnote = {Provided by the SAO/NASA Astrophysics Data System}
}

@ARTICLE{2018PhRvD..98j4020C,
       author = {{Carullo}, Gregorio and others},
        title = "{Empirical tests of the black hole no-hair conjecture using gravitational-wave observations}",
      journal = {\prd},
     keywords = {General Relativity and Quantum Cosmology},
         year = 2018,
        month = nov,
       volume = {98},
       number = {10},
          eid = {104020},
        pages = {104020},
          doi = {10.1103/PhysRevD.98.104020},
archivePrefix = {arXiv},
       eprint = {1805.04760},
 primaryClass = {gr-qc},
       adsurl = {https://ui.adsabs.harvard.edu/abs/2018PhRvD..98j4020C},
      adsnote = {Provided by the SAO/NASA Astrophysics Data System}
}

@ARTICLE{2018PhRvD..97j4065B,
       author = {{Bhagwat}, Swetha and others},
        title = "{On choosing the start time of binary black hole ringdowns}",
      journal = {\prd},
     keywords = {General Relativity and Quantum Cosmology, Astrophysics - Astrophysics of Galaxies, Astrophysics - High Energy Astrophysical Phenomena, High Energy Physics - Theory},
         year = 2018,
        month = may,
       volume = {97},
       number = {10},
          eid = {104065},
        pages = {104065},
          doi = {10.1103/PhysRevD.97.104065},
archivePrefix = {arXiv},
       eprint = {1711.00926},
 primaryClass = {gr-qc},
       adsurl = {https://ui.adsabs.harvard.edu/abs/2018PhRvD..97j4065B},
      adsnote = {Provided by the SAO/NASA Astrophysics Data System}
}

@ARTICLE{2007PhRvD..76f4034B,
       author = {{Berti}, Emanuele and others},
        title = "{Inspiral, merger, and ringdown of unequal mass black hole binaries: A multipolar analysis}",
      journal = {\prd},
     keywords = {04.25.Dm, 04.25.Nx, 04.30.Db, 04.70.Bw, Numerical relativity, Post-Newtonian approximation, perturbation theory, related approximations, Wave generation and sources, Classical black holes, General Relativity and Quantum Cosmology, Astrophysics},
         year = 2007,
        month = sep,
       volume = {76},
       number = {6},
          eid = {064034},
        pages = {064034},
          doi = {10.1103/PhysRevD.76.064034},
archivePrefix = {arXiv},
       eprint = {gr-qc/0703053},
 primaryClass = {gr-qc},
       adsurl = {https://ui.adsabs.harvard.edu/abs/2007PhRvD..76f4034B},
      adsnote = {Provided by the SAO/NASA Astrophysics Data System}
}

@ARTICLE{2020PhRvD.101j4005O,
       author = {{Ota}, Iara and {Chirenti}, Cecilia},
        title = "{Overtones or higher harmonics? Prospects for testing the no-hair theorem with gravitational wave detections}",
      journal = {\prd},
     keywords = {General Relativity and Quantum Cosmology},
         year = 2020,
        month = may,
       volume = {101},
       number = {10},
          eid = {104005},
        pages = {104005},
          doi = {10.1103/PhysRevD.101.104005},
archivePrefix = {arXiv},
       eprint = {1911.00440},
 primaryClass = {gr-qc},
       adsurl = {https://ui.adsabs.harvard.edu/abs/2020PhRvD.101j4005O},
      adsnote = {Provided by the SAO/NASA Astrophysics Data System}
}

@ARTICLE{overtones,
       author = {{Giesler}, Matthew and {Isi}, Maximiliano and {Scheel}, Mark A. and
         {Teukolsky}, Saul A.},
        title = "{Black Hole Ringdown: The Importance of Overtones}",
      journal = {Phys. Rev. X},
     keywords = {General Relativity and Quantum Cosmology},
         year = 2019,
        month = oct,
       volume = {9},
       number = {4},
          eid = {041060},
        pages = {041060},
          doi = {10.1103/PhysRevX.9.041060},
archivePrefix = {arXiv},
       eprint = {1903.08284},
 primaryClass = {gr-qc},
       adsurl = {https://ui.adsabs.harvard.edu/abs/2019PhRvX...9d1060G},
      adsnote = {Provided by the SAO/NASA Astrophysics Data System}
}

@ARTICLE{2020arXiv200400671O,
       author = {{Okounkova}, Maria},
        title = "{Revisiting non-linearity in binary black hole mergers}",
      journal = {},
     keywords = {General Relativity and Quantum Cosmology, Astrophysics - High Energy Astrophysical Phenomena},
         year = 2020,
        month = apr,
          eid = {},
        pages = {},
archivePrefix = {arXiv},
       eprint = {2004.00671},
 primaryClass = {gr-qc},
       adsurl = {https://ui.adsabs.harvard.edu/abs/2020arXiv200400671O},
      adsnote = {Provided by the SAO/NASA Astrophysics Data System}
}

@ARTICLE{1994PhRvD..49.6274A,
       author = {{Apostolatos}, Theocharis A. and {Cutler}, Curt and {Sussman}, Gerald J. and {Thorne}, Kip S.},
        title = "{Spin-induced orbital precession and its modulation of the gravitational waveforms from merging binaries}",
      journal = {\prd},
     keywords = {04.80.Nn, 04.30.Db, 97.60.Jd, 97.80.Af, Gravitational wave detectors and experiments, Wave generation and sources, Neutron stars, Astrometric and interferometric binaries},
         year = 1994,
        month = jun,
       volume = {49},
       number = {12},
        pages = {6274-6297},
          doi = {10.1103/PhysRevD.49.6274},
       adsurl = {https://ui.adsabs.harvard.edu/abs/1994PhRvD..49.6274A},
      adsnote = {Provided by the SAO/NASA Astrophysics Data System}
}

@ARTICLE{tnh,
       author = {{Isi}, Maximiliano and {Giesler}, Matthew and {Farr}, Will M. and
         {Scheel}, Mark A. and {Teukolsky}, Saul A.},
        title = "{Testing the No-Hair Theorem with GW150914}",
      journal = {\prl},
     keywords = {General Relativity and Quantum Cosmology, Astrophysics - High Energy Astrophysical Phenomena},
         year = 2019,
        month = sep,
       volume = {123},
       number = {11},
          eid = {111102},
        pages = {111102},
          doi = {10.1103/PhysRevLett.123.111102},
archivePrefix = {arXiv},
       eprint = {1905.00869},
 primaryClass = {gr-qc},
       adsurl = {https://ui.adsabs.harvard.edu/abs/2019PhRvL.123k1102I},
      adsnote = {Provided by the SAO/NASA Astrophysics Data System}
}

@ARTICLE{tgr,
       author = {{Abbott}, R. and others},
        title = "{Tests of General Relativity with GW150914}",
      journal = {\prl},
     keywords = {General Relativity and Quantum Cosmology},
         year = 2016,
        month = jun,
       volume = {116},
       number = {22},
          eid = {221101},
        pages = {221101},
          doi = {10.1103/PhysRevLett.116.221101},
archivePrefix = {arXiv},
       eprint = {1602.03841},
 primaryClass = {gr-qc},
       adsurl = {https://ui.adsabs.harvard.edu/abs/2016PhRvL.116v1101A},
      adsnote = {Provided by the SAO/NASA Astrophysics Data System}
}

@ARTICLE{sxs,
       author = {{Boyle}, Michael and others},
        title = "{The SXS collaboration catalog of binary black hole simulations}",
      journal = {Class. Quantum Grav.},
     keywords = {General Relativity and Quantum Cosmology, Astrophysics - High Energy Astrophysical Phenomena},
         year = 2019,
        month = oct,
       volume = {36},
       number = {19},
          eid = {195006},
        pages = {195006},
          doi = {10.1088/1361-6382/ab34e2},
archivePrefix = {arXiv},
       eprint = {1904.04831},
 primaryClass = {gr-qc},
       adsurl = {https://ui.adsabs.harvard.edu/abs/2019CQGra..36s5006B},
      adsnote = {Provided by the SAO/NASA Astrophysics Data System}
}

@ARTICLE{2013PhRvL.111x1104M,
       author = {{Mrou{\'e}}, Abdul H. and others},
        title = "{Catalog of 174 Binary Black Hole Simulations for Gravitational Wave Astronomy}",
      journal = {\prl},
     keywords = {04.25.dg, 04.25.Nx, 04.30.-w, Numerical studies of black holes and black-hole binaries, Post-Newtonian approximation, perturbation theory, related approximations, Gravitational waves: theory, General Relativity and Quantum Cosmology},
         year = 2013,
        month = dec,
       volume = {111},
       number = {24},
          eid = {241104},
        pages = {241104},
          doi = {10.1103/PhysRevLett.111.241104},
archivePrefix = {arXiv},
       eprint = {1304.6077},
 primaryClass = {gr-qc},
       adsurl = {https://ui.adsabs.harvard.edu/abs/2013PhRvL.111x1104M},
      adsnote = {Provided by the SAO/NASA Astrophysics Data System}
}

@misc{sxs_catalog,
    howpublished = {\url{https://data.black-holes.org/waveforms/index.html}},
    }

@ARTICLE{gwtc-2_tests,
       author = {{Abbott}, R. and others},
        title = "{Tests of General Relativity with Binary Black Holes from the second LIGO-Virgo Gravitational-Wave Transient Catalog}",
      journal = {},
     keywords = {General Relativity and Quantum Cosmology, Astrophysics - High Energy Astrophysical Phenomena},
         year = 2020,
        month = oct,
          eid = {},
        pages = {},
archivePrefix = {arXiv},
       eprint = {2010.14529},
 primaryClass = {gr-qc},
       adsurl = {https://ui.adsabs.harvard.edu/abs/2020arXiv201014529T},
      adsnote = {Provided by the SAO/NASA Astrophysics Data System}
}

@ARTICLE{mirror_modes,
       author = {{Dhani}, Arnab},
        title = "{Importance of mirror modes in binary black hole ringdown waveform}",
      journal = {},
     keywords = {General Relativity and Quantum Cosmology},
         year = 2020,
        month = oct,
          eid = {},
        pages = {},
archivePrefix = {arXiv},
       eprint = {2010.08602},
 primaryClass = {gr-qc},
       adsurl = {https://ui.adsabs.harvard.edu/abs/2020arXiv201008602D},
      adsnote = {Provided by the SAO/NASA Astrophysics Data System}
}

@ARTICLE{rotation,
       author = {{Boyle}, Michael},
        title = "{Angular velocity of gravitational radiation from precessing binaries and the corotating frame}",
      journal = {\prd},
     keywords = {04.30.-w, 04.30.Db, 04.25.D-, 04.25.dg, Gravitational waves: theory, Wave generation and sources, Numerical relativity, Numerical studies of black holes and black-hole binaries, General Relativity and Quantum Cosmology},
         year = 2013,
        month = may,
       volume = {87},
       number = {10},
          eid = {104006},
        pages = {104006},
          doi = {10.1103/PhysRevD.87.104006},
archivePrefix = {arXiv},
       eprint = {1302.2919},
 primaryClass = {gr-qc},
       adsurl = {https://ui.adsabs.harvard.edu/abs/2013PhRvD..87j4006B},
      adsnote = {Provided by the SAO/NASA Astrophysics Data System}
}

@ARTICLE{qnms,
       author = {{Berti}, Emanuele and {Cardoso}, Vitor and {Starinets}, Andrei O.},
        title = "{TOPICAL REVIEW:  Quasinormal modes of black holes and black branes}",
      journal = {Class. Quantum Grav.},
     keywords = {General Relativity and Quantum Cosmology, Astrophysics - High Energy Astrophysical Phenomena, High Energy Physics - Phenomenology, High Energy Physics - Theory},
         year = 2009,
        month = aug,
       volume = {26},
       number = {16},
          eid = {163001},
        pages = {163001},
          doi = {10.1088/0264-9381/26/16/163001},
archivePrefix = {arXiv},
       eprint = {0905.2975},
 primaryClass = {gr-qc},
       adsurl = {https://ui.adsabs.harvard.edu/abs/2009CQGra..26p3001B},
      adsnote = {Provided by the SAO/NASA Astrophysics Data System}
}

@ARTICLE{bcw,
       author = {{Berti}, Emanuele and {Cardoso}, Vitor and {Will}, Clifford M.},
        title = "{Gravitational-wave spectroscopy of massive black holes with the space interferometer LISA}",
      journal = {\prd},
     keywords = {04.70.-s, 04.30.Db, 04.80.Cc, 04.80.Nn, Physics of black holes, Wave generation and sources, Experimental tests of gravitational theories, Gravitational wave detectors and experiments, General Relativity and Quantum Cosmology, Astrophysics, High Energy Physics - Theory},
         year = 2006,
        month = mar,
       volume = {73},
       number = {6},
          eid = {064030},
        pages = {064030},
          doi = {10.1103/PhysRevD.73.064030},
archivePrefix = {arXiv},
       eprint = {gr-qc/0512160},
 primaryClass = {gr-qc},
       adsurl = {https://ui.adsabs.harvard.edu/abs/2006PhRvD..73f4030B},
      adsnote = {Provided by the SAO/NASA Astrophysics Data System}
}

@ARTICLE{1985RSPSA.402..285L,
       author = {{Leaver}, E.~W.},
        title = "{An Analytic Representation for the Quasi-Normal Modes of Kerr Black Holes}",
      journal = {Proceedings of the Royal Society of London Series A},
     keywords = {Black Holes (Astronomy), Boundary Value Problems, Schwarzschild Metric, Recursive Functions, Vibration Damping, Vibration Mode, Astrophysics, BLACK HOLES (ASTRONOMY), BOUNDARY VALUE PROBLEMS, SCHWARZSCHILD METRIC, RECURSIVE FUNCTIONS, VIBRATION DAMPING, VIBRATION MODE},
         year = 1985,
        month = dec,
       volume = {402},
       number = {1823},
        pages = {285-298},
          doi = {10.1098/rspa.1985.0119},
       adsurl = {https://ui.adsabs.harvard.edu/abs/1985RSPSA.402..285L},
      adsnote = {Provided by the SAO/NASA Astrophysics Data System}
}

@ARTICLE{numpy,
       author = {{Harris}, Charles R. and others},
        title = "{Array Programming with NumPy}",
      journal = {},
     keywords = {Computer Science - Mathematical Software, Statistics - Computation},
         year = 2020,
        month = jun,
          eid = {},
        pages = {},
archivePrefix = {arXiv},
       eprint = {2006.10256},
 primaryClass = {cs.MS},
       adsurl = {https://ui.adsabs.harvard.edu/abs/2020arXiv200610256H},
      adsnote = {Provided by the SAO/NASA Astrophysics Data System}
}

@ARTICLE{2019PhRvR...1c3015V,
       author = {{Varma}, Vijay and others},
        title = "{Surrogate models for precessing binary black hole simulations with unequal masses}",
      journal = {Physical Review Research},
     keywords = {General Relativity and Quantum Cosmology, Astrophysics - High Energy Astrophysical Phenomena},
         year = 2019,
        month = oct,
       volume = {1},
       number = {3},
          eid = {033015},
        pages = {033015},
          doi = {10.1103/PhysRevResearch.1.033015},
archivePrefix = {arXiv},
       eprint = {1905.09300},
 primaryClass = {gr-qc},
       adsurl = {https://ui.adsabs.harvard.edu/abs/2019PhRvR...1c3015V},
      adsnote = {Provided by the SAO/NASA Astrophysics Data System}
}

@ARTICLE{2014PhRvD..90f4012B,
       author = {{Berti}, Emanuele and {Klein}, Antoine},
        title = "{Mixing of spherical and spheroidal modes in perturbed Kerr black holes}",
      journal = {\prd},
     keywords = {04.70.-s, 04.25.dg, 04.30.Db, 04.30.Nk, Physics of black holes, Numerical studies of black holes and black-hole binaries, Wave generation and sources, Wave propagation and interactions, General Relativity and Quantum Cosmology, Astrophysics - High Energy Astrophysical Phenomena, High Energy Physics - Theory},
         year = 2014,
        month = sep,
       volume = {90},
       number = {6},
          eid = {064012},
        pages = {064012},
          doi = {10.1103/PhysRevD.90.064012},
archivePrefix = {arXiv},
       eprint = {1408.1860},
 primaryClass = {gr-qc},
       adsurl = {https://ui.adsabs.harvard.edu/abs/2014PhRvD..90f4012B},
      adsnote = {Provided by the SAO/NASA Astrophysics Data System}
}

@ARTICLE{2016CQGra..33x4002L,
       author = {{Lovelace}, Geoffrey and others},
        title = "{Modeling the source of GW150914 with targeted numerical-relativity simulations}",
      journal = {Class. Quantum Grav.},
     keywords = {General Relativity and Quantum Cosmology, Astrophysics - High Energy Astrophysical Phenomena},
         year = 2016,
        month = dec,
       volume = {33},
       number = {24},
          eid = {244002},
        pages = {244002},
          doi = {10.1088/0264-9381/33/24/244002},
archivePrefix = {arXiv},
       eprint = {1607.05377},
 primaryClass = {gr-qc},
       adsurl = {https://ui.adsabs.harvard.edu/abs/2016CQGra..33x4002L},
      adsnote = {Provided by the SAO/NASA Astrophysics Data System}
}

@ARTICLE{2017PhRvD..95j4023B,
       author = {{Blackman}, Jonathan and others},
        title = "{A Surrogate model of gravitational waveforms from numerical relativity simulations of precessing binary black hole mergers}",
      journal = {\prd},
     keywords = {General Relativity and Quantum Cosmology},
         year = 2017,
        month = may,
       volume = {95},
       number = {10},
          eid = {104023},
        pages = {104023},
          doi = {10.1103/PhysRevD.95.104023},
archivePrefix = {arXiv},
       eprint = {1701.00550},
 primaryClass = {gr-qc},
       adsurl = {https://ui.adsabs.harvard.edu/abs/2017PhRvD..95j4023B},
      adsnote = {Provided by the SAO/NASA Astrophysics Data System}
}

@ARTICLE{2017PhRvD..96b4058B,
       author = {{Blackman}, Jonathan and others},
        title = "{Numerical relativity waveform surrogate model for generically precessing binary black hole mergers}",
      journal = {\prd},
     keywords = {General Relativity and Quantum Cosmology},
         year = 2017,
        month = jul,
       volume = {96},
       number = {2},
          eid = {024058},
        pages = {024058},
          doi = {10.1103/PhysRevD.96.024058},
archivePrefix = {arXiv},
       eprint = {1705.07089},
 primaryClass = {gr-qc},
       adsurl = {https://ui.adsabs.harvard.edu/abs/2017PhRvD..96b4058B},
      adsnote = {Provided by the SAO/NASA Astrophysics Data System}
}

@ARTICLE{2014PhRvD..89h4006P,
       author = {{Pan}, Yi and others},
        title = "{Inspiral-merger-ringdown waveforms of spinning, precessing black-hole binaries in the effective-one-body formalism}",
      journal = {\prd},
     keywords = {04.25.D-, 04.25.dg, 04.25.Nx, 04.30.-w, Numerical relativity, Numerical studies of black holes and black-hole binaries, Post-Newtonian approximation, perturbation theory, related approximations, Gravitational waves: theory, General Relativity and Quantum Cosmology},
         year = 2014,
        month = apr,
       volume = {89},
       number = {8},
          eid = {084006},
        pages = {084006},
          doi = {10.1103/PhysRevD.89.084006},
archivePrefix = {arXiv},
       eprint = {1307.6232},
 primaryClass = {gr-qc},
       adsurl = {https://ui.adsabs.harvard.edu/abs/2014PhRvD..89h4006P},
      adsnote = {Provided by the SAO/NASA Astrophysics Data System}
}

@ARTICLE{2014PhRvL.113o1101H,
       author = {{Hannam}, Mark and others},
        title = "{Simple Model of Complete Precessing Black-Hole-Binary Gravitational Waveforms}",
      journal = {\prl},
     keywords = {04.30.Db, 04.25.Nx, 04.80.Nn, 95.55.Ym, Wave generation and sources, Post-Newtonian approximation, perturbation theory, related approximations, Gravitational wave detectors and experiments, Gravitational radiation detectors, mass spectrometers, and other instrumentation and techniques, General Relativity and Quantum Cosmology},
         year = 2014,
        month = oct,
       volume = {113},
       number = {15},
          eid = {151101},
        pages = {151101},
          doi = {10.1103/PhysRevLett.113.151101},
archivePrefix = {arXiv},
       eprint = {1308.3271},
 primaryClass = {gr-qc},
       adsurl = {https://ui.adsabs.harvard.edu/abs/2014PhRvL.113o1101H},
      adsnote = {Provided by the SAO/NASA Astrophysics Data System}
}

@ARTICLE{2019PhRvD.100b4059K,
       author = {{Khan}, Sebastian and {Chatziioannou}, Katerina and {Hannam}, Mark and {Ohme}, Frank},
        title = "{Phenomenological model for the gravitational-wave signal from precessing binary black holes with two-spin effects}",
      journal = {\prd},
     keywords = {General Relativity and Quantum Cosmology},
         year = 2019,
        month = jul,
       volume = {100},
       number = {2},
          eid = {024059},
        pages = {024059},
          doi = {10.1103/PhysRevD.100.024059},
archivePrefix = {arXiv},
       eprint = {1809.10113},
 primaryClass = {gr-qc},
       adsurl = {https://ui.adsabs.harvard.edu/abs/2019PhRvD.100b4059K},
      adsnote = {Provided by the SAO/NASA Astrophysics Data System}
}

@ARTICLE{2008GReGr..40.1705R,
       author = {{Ruiz}, Milton and {Alcubierre}, Miguel and {N{\'u}{\~n}ez}, Dar{\'\i}o and {Takahashi}, Ryoji},
        title = "{Multiple expansions for energy and momenta carried by gravitational waves}",
      journal = {Gen. Relativ. Gravit.},
     keywords = {Gravitational waves, Energy and momenta, Multipole expansions, Numerical relativity, General Relativity and Quantum Cosmology},
         year = 2008,
        month = aug,
       volume = {40},
       number = {8},
        pages = {1705-1729},
          doi = {10.1007/s10714-007-0570-8},
archivePrefix = {arXiv},
       eprint = {0707.4654},
 primaryClass = {gr-qc},
       adsurl = {https://ui.adsabs.harvard.edu/abs/2008GReGr..40.1705R},
      adsnote = {Provided by the SAO/NASA Astrophysics Data System}
}

@ARTICLE{2011PhRvD..84b4046S,
       author = {{Schmidt}, Patricia and {Hannam}, Mark and {Husa}, Sascha and {Ajith}, P.},
        title = "{Tracking the precession of compact binaries from their gravitational-wave signal}",
      journal = {\prd},
     keywords = {04.25.dg, 04.25.Nx, 04.30.Db, 04.70.Bw, Numerical studies of black holes and black-hole binaries, Post-Newtonian approximation, perturbation theory, related approximations, Wave generation and sources, Classical black holes, General Relativity and Quantum Cosmology},
         year = 2011,
        month = jul,
       volume = {84},
       number = {2},
          eid = {024046},
        pages = {024046},
          doi = {10.1103/PhysRevD.84.024046},
archivePrefix = {arXiv},
       eprint = {1012.2879},
 primaryClass = {gr-qc},
       adsurl = {https://ui.adsabs.harvard.edu/abs/2011PhRvD..84b4046S},
      adsnote = {Provided by the SAO/NASA Astrophysics Data System}
}

@ARTICLE{2012PhRvD..86j4063S,
       author = {{Schmidt}, Patricia and {Hannam}, Mark and {Husa}, Sascha},
        title = "{Towards models of gravitational waveforms from generic binaries: A simple approximate mapping between precessing and nonprecessing inspiral signals}",
      journal = {\prd},
     keywords = {04.20.Ex, 04.25.D-, 04.30.Db, 95.30.Sf, Initial value problem existence and uniqueness of solutions, Numerical relativity, Wave generation and sources, Relativity and gravitation, General Relativity and Quantum Cosmology},
         year = 2012,
        month = nov,
       volume = {86},
       number = {10},
          eid = {104063},
        pages = {104063},
          doi = {10.1103/PhysRevD.86.104063},
archivePrefix = {arXiv},
       eprint = {1207.3088},
 primaryClass = {gr-qc},
       adsurl = {https://ui.adsabs.harvard.edu/abs/2012PhRvD..86j4063S},
      adsnote = {Provided by the SAO/NASA Astrophysics Data System}
}

@ARTICLE{2011PhRvD..84l4002O,
       author = {{O\'Shaughnessy}, R. and {Vaishnav}, B. and {Healy}, J. and {Meeks}, Z. and {Shoemaker}, D.},
        title = "{Efficient asymptotic frame selection for binary black hole spacetimes using asymptotic radiation}",
      journal = {\prd},
     keywords = {04.30.Db, 04.30.Tv, 04.20.Jb, Wave generation and sources, Gravitational-wave astrophysics, Exact solutions, General Relativity and Quantum Cosmology},
         year = 2011,
        month = dec,
       volume = {84},
       number = {12},
          eid = {124002},
        pages = {124002},
          doi = {10.1103/PhysRevD.84.124002},
archivePrefix = {arXiv},
       eprint = {1109.5224},
 primaryClass = {gr-qc},
       adsurl = {https://ui.adsabs.harvard.edu/abs/2011PhRvD..84l4002O},
      adsnote = {Provided by the SAO/NASA Astrophysics Data System}
}

@ARTICLE{2020arXiv200406503P,
       author = {{Pratten}, Geraint and others},
        title = "{Let\'s twist again: computationally efficient models for the dominant and sub-dominant harmonic modes of precessing binary black holes}",
      journal = {},
     keywords = {General Relativity and Quantum Cosmology},
         year = 2020,
        month = apr,
          eid = {},
        pages = {},
archivePrefix = {arXiv},
       eprint = {2004.06503},
 primaryClass = {gr-qc},
       adsurl = {https://ui.adsabs.harvard.edu/abs/2020arXiv200406503P},
      adsnote = {Provided by the SAO/NASA Astrophysics Data System}
}

@ARTICLE{2020PhRvD.102d4055O,
       author = {{Ossokine}, Serguei and others},
        title = "{Multipolar effective-one-body waveforms for precessing binary black holes: Construction and validation}",
      journal = {\prd},
     keywords = {General Relativity and Quantum Cosmology},
         year = 2020,
        month = aug,
       volume = {102},
       number = {4},
          eid = {044055},
        pages = {044055},
          doi = {10.1103/PhysRevD.102.044055},
archivePrefix = {arXiv},
       eprint = {2004.09442},
 primaryClass = {gr-qc},
       adsurl = {https://ui.adsabs.harvard.edu/abs/2020PhRvD.102d4055O},
      adsnote = {Provided by the SAO/NASA Astrophysics Data System}
}

@ARTICLE{2020PhRvD.101h4053B,
       author = {{Baibhav}, Vishal and {Berti}, Emanuele and {Cardoso}, Vitor},
        title = "{LISA parameter estimation and source localization with higher harmonics of the ringdown}",
      journal = {\prd},
     keywords = {General Relativity and Quantum Cosmology, Astrophysics - High Energy Astrophysical Phenomena},
         year = 2020,
        month = apr,
       volume = {101},
       number = {8},
          eid = {084053},
        pages = {084053},
          doi = {10.1103/PhysRevD.101.084053},
archivePrefix = {arXiv},
       eprint = {2001.10011},
 primaryClass = {gr-qc},
       adsurl = {https://ui.adsabs.harvard.edu/abs/2020PhRvD.101h4053B},
      adsnote = {Provided by the SAO/NASA Astrophysics Data System}
}

@ARTICLE{2016PhRvD..93h4031B,
       author = {{Boyle}, Michael},
        title = "{Transformations of asymptotic gravitational-wave data}",
      journal = {\prd},
     keywords = {General Relativity and Quantum Cosmology},
         year = 2016,
        month = apr,
       volume = {93},
       number = {8},
          eid = {084031},
        pages = {084031},
          doi = {10.1103/PhysRevD.93.084031},
archivePrefix = {arXiv},
       eprint = {1509.00862},
 primaryClass = {gr-qc},
       adsurl = {https://ui.adsabs.harvard.edu/abs/2016PhRvD..93h4031B},
      adsnote = {Provided by the SAO/NASA Astrophysics Data System}
}

@ARTICLE{2020PhRvD.102b4027C,
       author = {{Cook}, Gregory B.},
        title = "{Aspects of multimode Kerr ringdown fitting}",
      journal = {\prd},
     keywords = {General Relativity and Quantum Cosmology},
         year = 2020,
        month = jul,
       volume = {102},
       number = {2},
          eid = {024027},
        pages = {024027},
          doi = {10.1103/PhysRevD.102.024027},
archivePrefix = {arXiv},
       eprint = {2004.08347},
 primaryClass = {gr-qc},
       adsurl = {https://ui.adsabs.harvard.edu/abs/2020PhRvD.102b4027C},
      adsnote = {Provided by the SAO/NASA Astrophysics Data System}
}

@ARTICLE{2007PhRvD..76j4049B,
       author = {{Buonanno}, Alessandra and others},
        title = "{Approaching faithful templates for nonspinning binary black holes using the effective-one-body approach}",
      journal = {\prd},
     keywords = {04.25.Nx, 04.25.Dm, 04.30.Db, 04.70.Bw, Post-Newtonian approximation, perturbation theory, related approximations, Numerical relativity, Wave generation and sources, Classical black holes, General Relativity and Quantum Cosmology},
         year = 2007,
        month = nov,
       volume = {76},
       number = {10},
          eid = {104049},
        pages = {104049},
          doi = {10.1103/PhysRevD.76.104049},
archivePrefix = {arXiv},
       eprint = {0706.3732},
 primaryClass = {gr-qc},
       adsurl = {https://ui.adsabs.harvard.edu/abs/2007PhRvD..76j4049B},
      adsnote = {Provided by the SAO/NASA Astrophysics Data System}
}

@ARTICLE{2007PhRvD..75l4018B,
       author = {{Buonanno}, Alessandra and {Cook}, Gregory B. and {Pretorius}, Frans},
        title = "{Inspiral, merger, and ring-down of equal-mass black-hole binaries}",
      journal = {\prd},
     keywords = {04.25.Dm, 04.25.Nx, 04.30.Db, 04.70.Bw, Numerical relativity, Post-Newtonian approximation, perturbation theory, related approximations, Wave generation and sources, Classical black holes, General Relativity and Quantum Cosmology, Astrophysics},
         year = 2007,
        month = jun,
       volume = {75},
       number = {12},
          eid = {124018},
        pages = {124018},
          doi = {10.1103/PhysRevD.75.124018},
archivePrefix = {arXiv},
       eprint = {gr-qc/0610122},
 primaryClass = {gr-qc},
       adsurl = {https://ui.adsabs.harvard.edu/abs/2007PhRvD..75l4018B},
      adsnote = {Provided by the SAO/NASA Astrophysics Data System}
}

@ARTICLE{2011PhRvD..84l4052P,
       author = {{Pan}, Yi and others},
        title = "{Inspiral-merger-ringdown multipolar waveforms of nonspinning black-hole binaries using the effective-one-body formalism}",
      journal = {\prd},
     keywords = {04.25.D-, 04.25.dg, 04.25.Nx, 04.30.-w, Numerical relativity, Numerical studies of black holes and black-hole binaries, Post-Newtonian approximation, perturbation theory, related approximations, Gravitational waves: theory, General Relativity and Quantum Cosmology},
         year = 2011,
        month = dec,
       volume = {84},
       number = {12},
          eid = {124052},
        pages = {124052},
          doi = {10.1103/PhysRevD.84.124052},
archivePrefix = {arXiv},
       eprint = {1106.1021},
 primaryClass = {gr-qc},
       adsurl = {https://ui.adsabs.harvard.edu/abs/2011PhRvD..84l4052P},
      adsnote = {Provided by the SAO/NASA Astrophysics Data System}
}

@ARTICLE{2018PhRvD..97l4069C,
       author = {{Cabero}, Miriam and others},
        title = "{Observational tests of the black hole area increase law}",
      journal = {\prd},
     keywords = {General Relativity and Quantum Cosmology, High Energy Physics - Theory},
         year = 2018,
        month = jun,
       volume = {97},
       number = {12},
          eid = {124069},
        pages = {124069},
          doi = {10.1103/PhysRevD.97.124069},
archivePrefix = {arXiv},
       eprint = {1711.09073},
 primaryClass = {gr-qc},
       adsurl = {https://ui.adsabs.harvard.edu/abs/2018PhRvD..97l4069C},
      adsnote = {Provided by the SAO/NASA Astrophysics Data System}
}

@ARTICLE{2019PhRvD..99l3029C,
       author = {{Carullo}, Gregorio and {Del Pozzo}, Walter and {Veitch}, John},
        title = "{Observational black hole spectroscopy: A time-domain multimode analysis of GW150914}",
      journal = {\prd},
     keywords = {General Relativity and Quantum Cosmology},
         year = 2019,
        month = jun,
       volume = {99},
       number = {12},
          eid = {123029},
        pages = {123029},
          doi = {10.1103/PhysRevD.99.123029},
archivePrefix = {arXiv},
       eprint = {1902.07527},
 primaryClass = {gr-qc},
       adsurl = {https://ui.adsabs.harvard.edu/abs/2019PhRvD..99l3029C},
      adsnote = {Provided by the SAO/NASA Astrophysics Data System}
}

@ARTICLE{2019PhRvD..99f4045V,
       author = {{Varma}, Vijay and {Field}, Scott E. and {Scheel}, Mark A. and {Blackman}, Jonathan and {Kidder}, Lawrence E. and {Pfeiffer}, Harald P.},
        title = "{Surrogate model of hybridized numerical relativity binary black hole waveforms}",
      journal = {\prd},
     keywords = {General Relativity and Quantum Cosmology},
         year = 2019,
        month = mar,
       volume = {99},
       number = {6},
          eid = {064045},
        pages = {064045},
          doi = {10.1103/PhysRevD.99.064045},
archivePrefix = {arXiv},
       eprint = {1812.07865},
 primaryClass = {gr-qc},
       adsurl = {https://ui.adsabs.harvard.edu/abs/2019PhRvD..99f4045V},
      adsnote = {Provided by the SAO/NASA Astrophysics Data System}
}

@ARTICLE{2020PhRvD.102f4002G,
       author = {{Garc{\'i}a-Quir{\'o}s}, Cecilio and {Colleoni}, Marta and {Husa}, Sascha and {Estell{\'e}s}, H{\'e}ctor and {Pratten}, Geraint and {Ramos-Buades}, Antoni and {Mateu-Lucena}, Maite and {Jaume}, Rafel},
        title = "{Multimode frequency-domain model for the gravitational wave signal from nonprecessing black-hole binaries}",
      journal = {\prd},
     keywords = {General Relativity and Quantum Cosmology},
         year = 2020,
        month = sep,
       volume = {102},
       number = {6},
          eid = {064002},
        pages = {064002},
          doi = {10.1103/PhysRevD.102.064002},
archivePrefix = {arXiv},
       eprint = {2001.10914},
 primaryClass = {gr-qc},
       adsurl = {https://ui.adsabs.harvard.edu/abs/2020PhRvD.102f4002G},
      adsnote = {Provided by the SAO/NASA Astrophysics Data System}
}



@ARTICLE{2020PhRvD.102f4001P,
       author = {{Pratten}, Geraint and others},
        title = "{Setting the cornerstone for a family of models for gravitational waves from compact binaries: The dominant harmonic for nonprecessing quasicircular black holes}",
      journal = {\prd},
     keywords = {General Relativity and Quantum Cosmology, Astrophysics - Cosmology and Nongalactic Astrophysics},
         year = 2020,
        month = sep,
       volume = {102},
       number = {6},
          eid = {064001},
        pages = {064001},
          doi = {10.1103/PhysRevD.102.064001},
archivePrefix = {arXiv},
       eprint = {2001.11412},
 primaryClass = {gr-qc},
       adsurl = {https://ui.adsabs.harvard.edu/abs/2020PhRvD.102f4001P},
      adsnote = {Provided by the SAO/NASA Astrophysics Data System}
}

@misc{finch_eliot_2021_4538194,
  author       = {Finch, Eliot},
  month        = feb,
  year         = 2021,
  publisher    = {Zenodo},
  version      = {v1.0},
  doi          = {10.5281/zenodo.4538194},
  howpublished          = {\url{https://doi.org/10.5281/zenodo.4538194}}
}

@ARTICLE{2015PhRvL.115l1102B,
       author = {{Blackman}, Jonathan and {Field}, Scott E. and {Galley}, Chad R. and {Szil{\'a}gyi}, B{\'e}la and {Scheel}, Mark A. and {Tiglio}, Manuel and {Hemberger}, Daniel A.},
        title = "{Fast and Accurate Prediction of Numerical Relativity Waveforms from Binary Black Hole Coalescences Using Surrogate Models}",
      journal = {\prl},
     keywords = {04.25.dg, 02.60.-x, 04.30.-w, 04.30.Db, Numerical studies of black holes and black-hole binaries, Numerical approximation and analysis, Gravitational waves: theory, Wave generation and sources, General Relativity and Quantum Cosmology, Astrophysics - High Energy Astrophysical Phenomena, Computer Science - Computational Engineering, Finance, and Science, Physics - Data Analysis, Statistics and Probability},
         year = 2015,
        month = sep,
       volume = {115},
       number = {12},
          eid = {121102},
        pages = {121102},
          doi = {10.1103/PhysRevLett.115.121102},
archivePrefix = {arXiv},
       eprint = {1502.07758},
 primaryClass = {gr-qc},
       adsurl = {https://ui.adsabs.harvard.edu/abs/2015PhRvL.115l1102B},
      adsnote = {Provided by the SAO/NASA Astrophysics Data System}
}

@ARTICLE{2020PhRvD.102d4053J,
       author = {{Jim{\'e}nez Forteza}, Xisco and {Bhagwat}, Swetha and {Pani}, Paolo and {Ferrari}, Valeria},
        title = "{Spectroscopy of binary black hole ringdown using overtones and angular modes}",
      journal = {\prd},
     keywords = {General Relativity and Quantum Cosmology, Astrophysics - High Energy Astrophysical Phenomena},
         year = 2020,
        month = aug,
       volume = {102},
       number = {4},
          eid = {044053},
        pages = {044053},
          doi = {10.1103/PhysRevD.102.044053},
archivePrefix = {arXiv},
       eprint = {2005.03260},
 primaryClass = {gr-qc},
       adsurl = {https://ui.adsabs.harvard.edu/abs/2020PhRvD.102d4053J},
      adsnote = {Provided by the SAO/NASA Astrophysics Data System}
}

@ARTICLE{2020PhRvD.101d4033B,
       author = {{Bhagwat}, Swetha and {Forteza}, Xisco Jim{\'e}nez and {Pani}, Paolo and {Ferrari}, Valeria},
        title = "{Ringdown overtones, black hole spectroscopy, and no-hair theorem tests}",
      journal = {\prd},
     keywords = {General Relativity and Quantum Cosmology, Astrophysics - High Energy Astrophysical Phenomena},
         year = 2020,
        month = feb,
       volume = {101},
       number = {4},
          eid = {044033},
        pages = {044033},
          doi = {10.1103/PhysRevD.101.044033},
archivePrefix = {arXiv},
       eprint = {1910.08708},
 primaryClass = {gr-qc},
       adsurl = {https://ui.adsabs.harvard.edu/abs/2020PhRvD.101d4033B},
      adsnote = {Provided by the SAO/NASA Astrophysics Data System}
}

@ARTICLE{2019PhRvL.123p1101H,
       author = {{Hughes}, Scott A. and {Apte}, Anuj and {Khanna}, Gaurav and {Lim}, Halston},
        title = "{Learning about Black Hole Binaries from their Ringdown Spectra}",
      journal = {\prl},
     keywords = {General Relativity and Quantum Cosmology, Astrophysics - High Energy Astrophysical Phenomena},
         year = 2019,
        month = oct,
       volume = {123},
       number = {16},
          eid = {161101},
        pages = {161101},
          doi = {10.1103/PhysRevLett.123.161101},
archivePrefix = {arXiv},
       eprint = {1901.05900},
 primaryClass = {gr-qc},
       adsurl = {https://ui.adsabs.harvard.edu/abs/2019PhRvL.123p1101H},
      adsnote = {Provided by the SAO/NASA Astrophysics Data System}
}

@ARTICLE{2019PhRvD.100h4032L,
       author = {{Lim}, Halston and {Khanna}, Gaurav and {Apte}, Anuj and {Hughes}, Scott A.},
        title = "{Exciting black hole modes via misaligned coalescences. II. The mode content of late-time coalescence waveforms}",
      journal = {\prd},
     keywords = {General Relativity and Quantum Cosmology, Astrophysics - High Energy Astrophysical Phenomena},
         year = 2019,
        month = oct,
       volume = {100},
       number = {8},
          eid = {084032},
        pages = {084032},
          doi = {10.1103/PhysRevD.100.084032},
archivePrefix = {arXiv},
       eprint = {1901.05902},
 primaryClass = {gr-qc},
       adsurl = {https://ui.adsabs.harvard.edu/abs/2019PhRvD.100h4032L},
      adsnote = {Provided by the SAO/NASA Astrophysics Data System}
}

@ARTICLE{2015PhRvD..91b4043S,
       author = {{Schmidt}, Patricia and {Ohme}, Frank and {Hannam}, Mark},
        title = "{Towards models of gravitational waveforms from generic binaries: II. Modelling precession effects with a single effective precession parameter}",
      journal = {\prd},
     keywords = {04.20.Ex, 04.25.Nx, 04.30.Db, 95.30.Sf, Initial value problem existence and uniqueness of solutions, Post-Newtonian approximation, perturbation theory, related approximations, Wave generation and sources, Relativity and gravitation, General Relativity and Quantum Cosmology},
         year = 2015,
        month = jan,
       volume = {91},
       number = {2},
          eid = {024043},
        pages = {024043},
          doi = {10.1103/PhysRevD.91.024043},
archivePrefix = {arXiv},
       eprint = {1408.1810},
 primaryClass = {gr-qc},
       adsurl = {https://ui.adsabs.harvard.edu/abs/2015PhRvD..91b4043S},
      adsnote = {Provided by the SAO/NASA Astrophysics Data System}
}

